<?xml version="1.0" encoding="UTF-8"?><collection xmlns="http://www.loc.gov/MARC21/slim"><record><leader>00512nam--2200193-i-4500</leader><controlfield tag="001">000016046</controlfield><controlfield tag="002">20161230</controlfield><controlfield tag="005">20161230201031</controlfield><controlfield tag="008">060222s1000------------r-----000-0-rum-d</controlfield><datafield ind1=" " ind2=" " tag="040"><subfield code="a">IFIN-HH</subfield></datafield><datafield ind1=" " ind2=" " tag="041"><subfield code="a">rum</subfield></datafield><datafield ind1=" " ind2=" " tag="080"><subfield code="a">537.6:538.955</subfield></datafield><datafield ind1="1" ind2=" " tag="100"><subfield code="a">Burzo, Emil</subfield></datafield><datafield ind1="1" ind2="0" tag="245"><subfield code="a">Fizica fenomenelor magnetice</subfield><subfield code="c">Emil burzo</subfield></datafield><datafield ind1=" " ind2=" " tag="260"><subfield code="a">Bucuresti</subfield><subfield code="b">Editura Academiei Rsr</subfield><subfield code="c">1979</subfield></datafield><datafield ind1=" " ind2=" " tag="300"><subfield code="a">3 VOLUME</subfield></datafield><datafield ind1="1" ind2=" " tag="787"><subfield code="a">Vol. Iii</subfield><subfield code="d">1983</subfield><subfield code="h">576p</subfield><subfield code="t">Magnetism Tehnic</subfield></datafield><datafield ind1=" " ind2=" " tag="852"><subfield code="a">46794</subfield><subfield code="c">537:538</subfield></datafield><datafield ind1=" " ind2=" " tag="CAT"><subfield code="a">Sys</subfield><subfield code="c">20110623</subfield><subfield code="h">113022</subfield></datafield></record></collection>